@Online{whittle15_dragons,
	Title                    = {Path Traced Glass Dragons},
	Author                   = {Joss Whittle},
	Year                     = {2015},
}

@Online{sizeofinternet,
	Author                   = {{Internet Live Stats}},
	Year                     = {2020},
	url                      = {https://www.internetlivestats.com},
}

@Online{gwern,
	Title                    = {Internet Search Tips},
	Author                   = {Gwern Branwen},
	Year                     = {2020},
	url                      = {https://www.gwern.net/Search},
}

@Online{texnique,
	Title                    = {TeXnique},
	Author                   = {Akshay Ravikumar},
	Year                     = {2019},
	url                      = {https://texnique.xyz},
}

@Online{texstackexchange,
	Title                    = {TeX StackExchange},
	Author                   = {{Stack Overflow}},
	Year                     = {2008},
	url                      = {https://tex.stackexchange.com},
}

@Online{overleafdocs,
	Title                    = {Overleaf Documentation},
	Author                   = {{Overleaf}},
	Year                     = {2020},
	url                      = {https://www.overleaf.com/learn},
}

@Online{mendeley,
	Title                    = {Mendeley},
	Author                   = {{RELX Group}},
	Year                     = {2019},
	url                      = {https://www.mendeley.com},
}

@Online{arxiv,
	Title                    = {arXiv},
	Author                   = {{Cornell University}},
	Year                     = {1991},
	url                      = {https://arxiv.org},
}

@Online{paperswithcode,
	Title                    = {Papers With Code},
	Author                   = {{Atlas ML}},
	Year                     = {2020},
	url                      = {https://paperswithcode.com},
}

@Online{highlighter,
	Title                    = {Slides Code Highlighter},
	Author                   = {Roman Nurik},
	Year                     = {2017},
	url                      = {https://romannurik.github.io/SlidesCodeHighlighter},
}

@INPROCEEDINGS{kaj86,
    author    = {Kajiya, James T.},
    title     = {The Rendering Equation},
    booktitle = {Proceedings of the 13th Annual Conference on Computer Graphics and Interactive Techniques},
    year      = {1986},
    series    = {SIGGRAPH '86},
    pages     = {143--150},
    address   = {New York, NY, USA},
    publisher = {ACM},
    isbn      = {0-89791-196-2},
    numpages  = {8},
    acmid     = {15902}
}

@article{alexnet,
  title={Imagenet classification with deep convolutional neural networks},
  author={Krizhevsky, Alex and Sutskever, Ilya and Hinton, Geoffrey E},
  journal={Advances in neural information processing systems},
  volume={25},
  year={2012}
}

@inproceedings{densenet,
  title={Densely connected convolutional networks},
  author={Huang, Gao and Liu, Zhuang and Van Der Maaten, Laurens and Weinberger, Kilian Q},
  booktitle={Proceedings of the IEEE conference on computer vision and pattern recognition},
  pages={4700--4708},
  year={2017}
}

@inproceedings{resnet,
  title={Deep residual learning for image recognition},
  author={He, Kaiming and Zhang, Xiangyu and Ren, Shaoqing and Sun, Jian},
  booktitle={Proceedings of the IEEE conference on computer vision and pattern recognition},
  pages={770--778},
  year={2016}
}

@inproceedings{googlenet,
  title={Going deeper with convolutions},
  author={Szegedy, Christian and Liu, Wei and Jia, Yangqing and Sermanet, Pierre and Reed, Scott and Anguelov, Dragomir and Erhan, Dumitru and Vanhoucke, Vincent and Rabinovich, Andrew},
  booktitle={Proceedings of the IEEE conference on computer vision and pattern recognition},
  pages={1--9},
  year={2015}
}

@article{voice_recognition,
  title={Deep neural networks for acoustic modeling in speech recognition: The shared views of four research groups},
  author={Hinton, Geoffrey and Deng, Li and Yu, Dong and Dahl, George E and Mohamed, Abdel-rahman and Jaitly, Navdeep and Senior, Andrew and Vanhoucke, Vincent and Nguyen, Patrick and Sainath, Tara N and others},
  journal={IEEE Signal processing magazine},
  volume={29},
  number={6},
  pages={82--97},
  year={2012},
  publisher={IEEE}
}

@InProceedings{malware_detection,
author="Grosse, Kathrin
and Papernot, Nicolas
and Manoharan, Praveen
and Backes, Michael
and McDaniel, Patrick",
editor="Foley, Simon N.
and Gollmann, Dieter
and Snekkenes, Einar",
title="Adversarial Examples for Malware Detection",
booktitle="Computer Security -- ESORICS 2017",
year="2017",
publisher="Springer International Publishing",
address="Cham",
pages="62--79",
abstract="Machine learning models are known to lack robustness against inputs crafted by an adversary. Such adversarial examples can, for instance, be derived from regular inputs by introducing minor---yet carefully selected---perturbations.",
isbn="978-3-319-66399-9"
}

@INPROCEEDINGS{self_driving_cars,
  author={Nugraha, Brilian Tafjira and Su, Shun-Feng and Fahmizal},
  booktitle={2017 2nd International Conference on Automation, Cognitive Science, Optics, Micro Electro-Â­Mechanical System, and Information Technology (ICACOMIT)}, 
  title={Towards self-driving car using convolutional neural network and road lane detector}, 
  year={2017},
  volume={},
  number={},
  pages={65-69},
  doi={10.1109/ICACOMIT.2017.8253388}}
  
@article{face_recognition,
  title={Face recognition using neural network: a review},
  author={Kasar, Manisha M and Bhattacharyya, Debnath and Kim, TH},
  journal={International Journal of Security and Its Applications},
  volume={10},
  number={3},
  pages={81--100},
  year={2016}
}

@inproceedings{szegedy2014intriguing,
title	= {Intriguing properties of neural networks},
author	= {Christian Szegedy and Wojciech Zaremba and Ilya Sutskever and Joan Bruna and Dumitru Erhan and Ian Goodfellow and Rob Fergus},
year	= {2014},
URL	= {http://arxiv.org/abs/1312.6199},
booktitle	= {International Conference on Learning Representations}
}

@ARTICLE{akhtar,
  author={Akhtar, Naveed and Mian, Ajmal},
  journal={IEEE Access}, 
  title={Threat of Adversarial Attacks on Deep Learning in Computer Vision: A Survey}, 
  year={2018},
  volume={6},
  number={},
  pages={14410-14430},
  doi={10.1109/ACCESS.2018.2807385}}
  
@misc{silva_survey,
      title={Opportunities and Challenges in Deep Learning Adversarial Robustness: A Survey}, 
      author={Samuel Henrique Silva and Peyman Najafirad},
      year={2020},
      eprint={2007.00753},
      archivePrefix={arXiv},
      primaryClass={cs.LG}
}

@InProceedings{evtimov_road_signs,
author = {Eykholt, Kevin and Evtimov, Ivan and Fernandes, Earlence and Li, Bo and Rahmati, Amir and Xiao, Chaowei and Prakash, Atul and Kohno, Tadayoshi and Song, Dawn},
title = {Robust Physical-World Attacks on Deep Learning Visual Classification},
booktitle = {Proceedings of the IEEE Conference on Computer Vision and Pattern Recognition (CVPR)},
month = {6},
year = {2018}
}

@misc{upset_angri,
      title={UPSET and ANGRI : Breaking High Performance Image Classifiers}, 
      author={Sayantan Sarkar and Ankan Bansal and Upal Mahbub and Rama Chellappa},
      year={2017},
      eprint={1707.01159},
      archivePrefix={arXiv},
      primaryClass={cs.CV}
}


@InProceedings{athalye,
  title = 	 {Synthesizing Robust Adversarial Examples},
  author =       {Athalye, Anish and Engstrom, Logan and Ilyas, Andrew and Kwok, Kevin},
  booktitle = 	 {Proceedings of the 35th International Conference on Machine Learning},
  pages = 	 {284--293},
  year = 	 {2018},
  editor = 	 {Dy, Jennifer and Krause, Andreas},
  volume = 	 {80},
  series = 	 {Proceedings of Machine Learning Research},
  month = 	 {7},
  publisher =    {PMLR},
  pdf = 	 {http://proceedings.mlr.press/v80/athalye18b/athalye18b.pdf},
  url = 	 {https://proceedings.mlr.press/v80/athalye18b.html},
}

@inproceedings{dong2020benchmarking,
  title={Benchmarking adversarial robustness on image classification},
  author={Dong, Yinpeng and Fu, Qi-An and Yang, Xiao and Pang, Tianyu and Su, Hang and Xiao, Zihao and Zhu, Jun},
  booktitle={Proceedings of the IEEE/CVF Conference on Computer Vision and Pattern Recognition},
  pages={321--331},
  year={2020}
}

@inproceedings{kos_attacks_on_gans,
  title={Adversarial examples for generative models},
  author={Kos, Jernej and Fischer, Ian and Song, Dawn},
  booktitle={2018 ieee security and privacy workshops (spw)},
  pages={36--42},
  year={2018},
  organization={IEEE}
}

@article{tabacof_attacks_autoencoders,
      title={Adversarial Images for Variational Autoencoders}, 
      author={Pedro Tabacof and Julia Tavares and Eduardo Valle},
      year={2016},
      eprint={1612.00155},
      archivePrefix={arXiv},
      primaryClass={cs.NE}
}

@INPROCEEDINGS{papernot_attacks_rnns,
  author={Papernot, Nicolas and McDaniel, Patrick and Swami, Ananthram and Harang, Richard},
  booktitle={MILCOM 2016 - 2016 IEEE Military Communications Conference}, 
  title={Crafting adversarial input sequences for recurrent neural networks}, 
  year={2016},
  volume={},
  number={},
  pages={49-54},
  doi={10.1109/MILCOM.2016.7795300}}
  
@InProceedings{Metzen_2017_ICCV,
    author = {Hendrik Metzen, Jan and Chaithanya Kumar, Mummadi and Brox, Thomas and Fischer, Volker},
    title = {Universal Adversarial Perturbations Against Semantic Image Segmentation},
    booktitle = {Proceedings of the IEEE International Conference on Computer Vision (ICCV)},
    month = {10},
    year = {2017}
}

@article{robustart,
      title={RobustART: Benchmarking Robustness on Architecture Design and Training Techniques}, 
      author={Shiyu Tang and Ruihao Gong and Yan Wang and Aishan Liu and Jiakai Wang and Xinyun Chen and Fengwei Yu and Xianglong Liu and Dawn Song and Alan Yuille and Philip H. S. Torr and Dacheng Tao},
      year={2022},
      eprint={2109.05211},
      archivePrefix={arXiv},
      primaryClass={cs.CV}
}
  
 @article{fgsm,
  title={Explaining and Harnessing Adversarial Examples}, 
      author={Ian J. Goodfellow and Jonathon Shlens and Christian Szegedy},
      year={2015},
      eprint={1412.6572},
      archivePrefix={arXiv}
}

@article{madry2019deep,
      title={Towards Deep Learning Models Resistant to Adversarial Attacks}, 
      author={Aleksander Madry and Aleksandar Makelov and Ludwig Schmidt and Dimitris Tsipras and Adrian Vladu},
      year={2019},
      eprint={1706.06083},
      archivePrefix={arXiv},
      primaryClass={stat.ML}
}

@InProceedings{mim,
author = {Dong, Yinpeng and Liao, Fangzhou and Pang, Tianyu and Su, Hang and Zhu, Jun and Hu, Xiaolin and Li, Jianguo},
title = {Boosting Adversarial Attacks With Momentum},
booktitle = {Proceedings of the IEEE Conference on Computer Vision and Pattern Recognition (CVPR)},
month = {June},
year = {2018}
}

@inproceedings{advGAN,
author = {Xiao, Chaowei and Li, Bo and Zhu, Jun-Yan and He, Warren and Liu, Mingyan and Song, Dawn},
title = {Generating Adversarial Examples with Adversarial Networks},
year = {2018},
isbn = {9780999241127},
publisher = {AAAI Press},
booktitle = {Proceedings of the 27th International Joint Conference on Artificial Intelligence},
pages = {3905â3911},
numpages = {7},
location = {Stockholm, Sweden},
series = {IJCAI'18}
}

@article{krotov2018dam,
  title={Dense associative memory is robust to adversarial inputs},
  author={Krotov, Dmitry and Hopfield, John},
  journal={Neural computation},
  volume={30},
  number={12},
  pages={3151--3167},
  year={2018},
  publisher={MIT Press}
}

@article{tanay2016boundary,
      title={A Boundary Tilting Persepective on the Phenomenon of Adversarial Examples}, 
      author={Thomas Tanay and Lewis Griffin},
      year={2016},
      eprint={1608.07690},
      archivePrefix={arXiv},
      primaryClass={cs.LG}
}

@inproceedings{carlini2017towards,
  title={Towards evaluating the robustness of neural networks},
  author={Carlini, Nicholas and Wagner, David},
  booktitle={2017 ieee symposium on security and privacy (sp)},
  pages={39--57},
  year={2017},
  organization={IEEE}
}

@inproceedings{cw_10_defenses,
author = {Carlini, Nicholas and Wagner, David},
title = {Adversarial Examples Are Not Easily Detected: Bypassing Ten Detection Methods},
year = {2017},
isbn = {9781450352024},
publisher = {Association for Computing Machinery},
address = {New York, NY, USA},
url = {https://doi.org/10.1145/3128572.3140444},
booktitle = {Proceedings of the 10th ACM Workshop on Artificial Intelligence and Security},
pages = {3â14},
numpages = {12}
}

@inproceedings{poisoning_attacks,
  title={Towards poisoning of deep learning algorithms with back-gradient optimization},
  author={Mu{\~n}oz-Gonz{\'a}lez, Luis and Biggio, Battista and Demontis, Ambra and Paudice, Andrea and Wongrassamee, Vasin and Lupu, Emil C and Roli, Fabio},
  booktitle={Proceedings of the 10th ACM workshop on artificial intelligence and security},
  pages={27--38},
  numpages = {12},
  url = {https://doi.org/10.1145/3128572.3140451},
  isbn = {9781450352024},
  year={2017}
}

@inproceedings{trojan_attacks,
author = {Gao, Yansong and Xu, Change and Wang, Derui and Chen, Shiping and Ranasinghe, Damith C. and Nepal, Surya},
title = {STRIP: A Defence against Trojan Attacks on Deep Neural Networks},
year = {2019},
isbn = {9781450376280},
publisher = {Association for Computing Machinery},
url = {https://doi.org/10.1145/3359789.3359790},
doi = {10.1145/3359789.3359790},
pages = {113â125},
numpages = {13},
keywords = {deep learning, backdoor attack, trojan attack, input-agnostic},
address = {San Juan, Puerto Rico, USA},
series = {ACSAC '19}
}

@inproceedings{deep_leakage,
 author = {Zhu, Ligeng and Liu, Zhijian and Han, Song},
 booktitle = {Advances in Neural Information Processing Systems},
 editor = {H. Wallach and H. Larochelle and A. Beygelzimer and F. d\textquotesingle Alch\'{e}-Buc and E. Fox and R. Garnett},
 pages = {},
 publisher = {Curran Associates, Inc.},
 title = {Deep Leakage from Gradients},
 url = {https://proceedings.neurips.cc/paper/2019/file/60a6c4002cc7b29142def8871531281a-Paper.pdf},
 volume = {32},
 year = {2019}
}

@ARTICLE{tnnls_survey,
  author={Yuan, Xiaoyong and He, Pan and Zhu, Qile and Li, Xiaolin},
  journal={IEEE Transactions on Neural Networks and Learning Systems}, 
  title={Adversarial Examples: Attacks and Defenses for Deep Learning}, 
  year={2019},
  volume={30},
  number={9},
  pages={2805-2824},
  doi={10.1109/TNNLS.2018.2886017}}
  
@inproceedings{papernot_cyberspace_attack,
author = {Papernot, Nicolas and McDaniel, Patrick and Goodfellow, Ian and Jha, Somesh and Celik, Z. Berkay and Swami, Ananthram},
title = {Practical Black-Box Attacks against Machine Learning},
year = {2017},
isbn = {9781450349444},
publisher = {Association for Computing Machinery},
url = {https://doi.org/10.1145/3052973.3053009},
doi = {10.1145/3052973.3053009},
booktitle = {Proceedings of the 2017 ACM on Asia Conference on Computer and Communications Security},
pages = {506â519},
numpages = {14},
keywords = {black-box attack, machine learning, adversarial machine learning},
address = {Abu Dhabi, United Arab Emirates},
series = {ASIA CCS '17}
}

@misc{lu_physical_experiments,
  doi = {10.48550/ARXIV.1707.03501},
  
  url = {https://arxiv.org/abs/1707.03501},
  
  author = {Lu, Jiajun and Sibai, Hussein and Fabry, Evan and Forsyth, David},
  
  keywords = {Computer Vision and Pattern Recognition (cs.CV), Artificial Intelligence (cs.AI), Cryptography and Security (cs.CR), FOS: Computer and information sciences, FOS: Computer and information sciences},
  
  title = {NO Need to Worry about Adversarial Examples in Object Detection in Autonomous Vehicles},
  
  publisher = {arXiv},
  
  year = {2017},
  
  copyright = {arXiv.org perpetual, non-exclusive license}
}

@INPROCEEDINGS{zheng_black_box_GAN,
  author={Zheng, Su and Chen, Jialin and Wang, Lingli},
  booktitle={2019 International Joint Conference on Neural Networks (IJCNN)}, 
  title={Targeted Black-Box Adversarial Attack Method for Image Classification Models}, 
  year={2019},
  volume={},
  number={},
  pages={1-8},
  doi={10.1109/IJCNN.2019.8852078}}
  
@InProceedings{Moosavi-Dezfooli_2017_CVPR,
author = {Moosavi-Dezfooli, Seyed-Mohsen and Fawzi, Alhussein and Fawzi, Omar and Frossard, Pascal},
title = {Universal Adversarial Perturbations},
booktitle = {Proceedings of the IEEE Conference on Computer Vision and Pattern Recognition (CVPR)},
month = {07},
year = {2017}
}

@InProceedings{xception,
author = {Chollet, Francois},
title = {Xception: Deep Learning With Depthwise Separable Convolutions},
booktitle = {Proceedings of the IEEE Conference on Computer Vision and Pattern Recognition (CVPR)},
month = {07},
year = {2017}
}

@inproceedings{adv_examples_bugs,
 author = {Ilyas, Andrew and Santurkar, Shibani and Tsipras, Dimitris and Engstrom, Logan and Tran, Brandon and Madry, Aleksander},
 booktitle = {Advances in Neural Information Processing Systems},
 editor = {H. Wallach and H. Larochelle and A. Beygelzimer and F. d\textquotesingle Alch\'{e}-Buc and E. Fox and R. Garnett},
 pages = {},
 publisher = {Curran Associates, Inc.},
 title = {Adversarial Examples Are Not Bugs, They Are Features},
 url = {https://proceedings.neurips.cc/paper/2019/file/e2c420d928d4bf8ce0ff2ec19b371514-Paper.pdf},
 volume = {32},
 year = {2019}
}

@article{kurakin2016adversarial,
  title={Adversarial examples in the physical world},
  author={Kurakin, Alexey and Goodfellow, Ian and Bengio, Samy},
  journal={arXiv preprint arXiv:1607.02533},
  year={2016}
}

@article{gans,
  title={Generative Adversarial Nets},
  author={Goodfellow, Ian J and Pouget-Abadie, Jean and Mirza, Mehdi and Xu, Bing and Warde-Farley, David and Ozair, Sherjil and Courville, Aaron and Bengio, Yoshua},
  journal={stat},
  volume={1050},
  pages={10},
  year={2014}
}

@InProceedings{styleGAN,
author = {Karras, Tero and Laine, Samuli and Aittala, Miika and Hellsten, Janne and Lehtinen, Jaakko and Aila, Timo},
title = {Analyzing and Improving the Image Quality of StyleGAN},
booktitle = {Proceedings of the IEEE/CVF Conference on Computer Vision and Pattern Recognition (CVPR)},
month = {June},
year = {2020}
}

@misc{experts_mixture_gate,
  doi = {10.48550/ARXIV.1701.06538},
  url = {https://arxiv.org/abs/1701.06538},
  
  author = {Shazeer, Noam and Mirhoseini, Azalia and Maziarz, Krzysztof and Davis, Andy and Le, Quoc and Hinton, Geoffrey and Dean, Jeff},

  title = {Outrageously Large Neural Networks: The Sparsely-Gated Mixture-of-Experts Layer},
  
  publisher = {arXiv},
  year = {2017},
  copyright = {arXiv.org perpetual, non-exclusive license}
}

